<record><leader>00000cas a2200000 a 4500</leader><controlfield tag="001">8792375</controlfield><controlfield tag="008">820921d183u1864gauwr ne      0    0eng  </controlfield><datafield ind1=" " ind2=" " tag="010"><subfield code="a">sn 82014777 </subfield></datafield><datafield ind1=" " ind2=" " tag="040"><subfield code="a">DLC</subfield><subfield code="b">eng</subfield><subfield code="c">DLC</subfield><subfield code="d">NPU</subfield><subfield code="d">NPX</subfield><subfield code="d">PPM</subfield><subfield code="d">DLC</subfield><subfield code="d">NLG</subfield><subfield code="d">DLC</subfield><subfield code="d">NVF</subfield><subfield code="d">NVJ</subfield><subfield code="d">NVF</subfield><subfield code="d">FUG</subfield><subfield code="d">NVF</subfield><subfield code="d">OCL</subfield><subfield code="d">GUA</subfield><subfield code="d">OCLCO</subfield><subfield code="d">OCLCQ</subfield><subfield code="d">OCLCF</subfield></datafield><datafield ind1="1" ind2=" " tag="029"><subfield code="a">AU@</subfield><subfield code="b">000020119686</subfield></datafield><datafield ind1=" " ind2=" " tag="042"><subfield code="a">pcc</subfield></datafield><datafield ind1=" " ind2=" " tag="043"><subfield code="a">n-us-ga</subfield></datafield><datafield ind1="0" ind2="0" tag="050"><subfield code="a">Newspaper</subfield></datafield><datafield ind1="0" ind2=" " tag="130"><subfield code="a">Weekly chronicle &amp; sentinel (Augusta, Ga. : 1838)</subfield></datafield><datafield ind1="1" ind2="0" tag="245"><subfield code="a">Weekly chronicle &amp; sentinel.</subfield></datafield><datafield ind1="3" ind2=" " tag="246"><subfield code="a">Weekly chronicle and sentinel</subfield></datafield><datafield ind1="1" ind2=" " tag="246"><subfield code="i">Published as:</subfield><subfield code="a">Chronicle &amp; sentinel</subfield><subfield code="f">Aug. 4-11, Sept. 16-Dec. 2, 1863</subfield></datafield><datafield ind1="3" ind2=" " tag="246"><subfield code="a">Chronicle and sentinel</subfield></datafield><datafield ind1=" " ind2=" " tag="260"><subfield code="a">Augusta, Ga. :</subfield><subfield code="b">William E. Jones &amp; Co.,</subfield><subfield code="c">-[1864]</subfield></datafield><datafield ind1=" " ind2=" " tag="300"><subfield code="a">v.</subfield></datafield><datafield ind1=" " ind2=" " tag="310"><subfield code="a">Weekly</subfield></datafield><datafield ind1="0" ind2=" " tag="362"><subfield code="a">-v. 28, no. 32 (Aug. 3, 1864).</subfield></datafield><datafield ind1=" " ind2=" " tag="530"><subfield code="a">Also on microfilm: Athens, Ga. : University of Georgia Libraries.</subfield></datafield><datafield ind1=" " ind2=" " tag="580"><subfield code="a">Triweekly ed.: Tri-weekly chronicle &amp; sentinel, 1838-1864.</subfield></datafield><datafield ind1=" " ind2=" " tag="580"><subfield code="a">Daily ed.: Daily chronicle &amp; sentinel, &lt;1838&gt;-1864.</subfield></datafield><datafield ind1=" " ind2=" " tag="588"><subfield code="a">Description based on: Vol. 2, no. 49 (Nov. 30, 1838).</subfield></datafield><datafield ind1=" " ind2="0" tag="651"><subfield code="a">Augusta (Ga.)</subfield><subfield code="v">Newspapers.</subfield></datafield><datafield ind1=" " ind2="0" tag="651"><subfield code="a">Richmond County (Ga.)</subfield><subfield code="v">Newspapers.</subfield></datafield><datafield ind1=" " ind2="7" tag="655"><subfield code="a">Newspapers.</subfield><subfield code="2">fast</subfield><subfield code="0">(OCoLC)fst01423814</subfield></datafield><datafield ind1=" " ind2="7" tag="651"><subfield code="a">Georgia</subfield><subfield code="z">Augusta.</subfield><subfield code="2">fast</subfield><subfield code="0">(OCoLC)fst01206406</subfield></datafield><datafield ind1=" " ind2="7" tag="651"><subfield code="a">Georgia</subfield><subfield code="z">Richmond County.</subfield><subfield code="2">fast</subfield><subfield code="0">(OCoLC)fst01215116</subfield></datafield><datafield ind1=" " ind2=" " tag="752"><subfield code="a">United States</subfield><subfield code="b">Georgia</subfield><subfield code="c">Richmond</subfield><subfield code="d">Augusta.</subfield></datafield><datafield ind1="1" ind2=" " tag="775"><subfield code="t">Tri-weekly chronicle &amp; sentinel</subfield><subfield code="w">(DLC)sn 85038504</subfield><subfield code="w">(OCoLC)12611127</subfield></datafield><datafield ind1="1" ind2=" " tag="775"><subfield code="t">Daily chronicle &amp; sentinel</subfield><subfield code="w">(DLC)sn 82015215</subfield><subfield code="w">(OCoLC)8807987</subfield></datafield><datafield ind1="0" ind2="0" tag="780"><subfield code="t">Augusta chronicle &amp; state rights' sentinel</subfield><subfield code="w">(DLC)sn 90052043</subfield><subfield code="w">(OCoLC)21883671</subfield></datafield><datafield ind1="0" ind2="0" tag="785"><subfield code="t">Chronicle &amp; sentinel (Augusta, Ga. : Weekly)</subfield><subfield code="w">(DLC)sn 90052044</subfield><subfield code="w">(OCoLC)21883459</subfield></datafield></record>